<?xml version="1.0" encoding="UTF-8"?><collection xmlns="http://www.loc.gov/MARC21/slim"><record><leader>00453nam--2200169-i-4500</leader><controlfield tag="001">000045604</controlfield><controlfield tag="002">20161230</controlfield><controlfield tag="005">20161230201045</controlfield><controlfield tag="008">060222s1000------------r-----000-0-eng-d</controlfield><datafield ind1=" " ind2=" " tag="040"><subfield code="a">IFIN-HH</subfield></datafield><datafield ind1=" " ind2=" " tag="080"><subfield code="a">536:532</subfield></datafield><datafield ind1="1" ind2=" " tag="100"><subfield code="a">Turner, Alan G</subfield></datafield><datafield ind1="1" ind2="0" tag="245"><subfield code="a">Heat and concentration waves</subfield><subfield code="b">Analysis and applications</subfield><subfield code="c">Alan G. Turner</subfield></datafield><datafield ind1=" " ind2=" " tag="260"><subfield code="a">New York, Acad.Press, 1972,</subfield></datafield><datafield ind1=" " ind2=" " tag="300"><subfield code="a">XXVIII+233P</subfield></datafield><datafield ind1=" " ind2=" " tag="852"><subfield code="a">42431</subfield><subfield code="c">532</subfield></datafield><datafield ind1=" " ind2=" " tag="CAT"><subfield code="a">Sys</subfield><subfield code="c">20100720</subfield><subfield code="h">131753</subfield></datafield></record></collection>